This file was created with JabRef 1.6.
Encoding: ISO-8859-1

@BOOK{Arrow1963,
  title = {Social Choice and Individual Values, 2ed},
  publisher = {Wiley},
  year = {1963},
  author = {Kenneth Arrow},
  owner = {pauljohn},
}

@BOOK{BarryHardin82,
  title = {Rational Man and Irrational Society? An Introduction and Sourcebook},
  publisher = {Beverly Hills: Sage Publications},
  year = {1982},
  author = {Brian W. Barry and Russell Hardin},
  owner = {pauljohn},
}

@ARTICLE{Bauer2004,
  author = {Alissa Bauer},
  title = {Rank System Strips Teams of Postseason Opportunities},
  journal = {University Daily Kansan},
  year = {December 8, 2004},
  month = {December 8},
  howpublished = {University Daily Kansan, December 8, p. 2},
  owner = {pauljohn},
}

@BOOK{Black1958,
  title = {The Theory of Committees and Elections},
  publisher = {Cambridge University Press},
  year = {1958},
  author = {Duncan Black},
  address = {Cambridge},
  owner = {pauljohn},
}

@BOOK{Borda1781,
  title = {M\'{e}moire sur les \'{E}lections au Scrutin'},
  publisher = {Histoire del l'Acad\'{e}mie Royale des Sciences},
  year = {1781},
  author = {Jean-Charles de Borda},
  address = {Paris},
  pages = {657-65},
  owner = {pauljohn},
}

@INCOLLECTION{BramsFishburn1991,
  author = {Steven J. Brams and Peter C. Fishburn},
  title = {Alternative Voting Systems},
  booktitle = {PoliticalParties and Elections in the United States},
  publisher = {Garland},
  year = {1991},
  editor = {L. Sandy Maisel},
  volume = {1},
  pages = {23-31},
  address = {New York, NY:},
  owner = {pauljohn},
}

@BOOK{Condorcet1785,
  title = {\'Essai sur L'application L'analyse \`a la probabilit\'e des d\'es D\'ecisions Rendues \`a la Pluralit\'e des Voix (trans. Essay on the Application of Mathematics to the Theory of Decision-Making)},
  publisher = {Paris},
  year = {1785},
  author = {Marquis de Condorcet},
  owner = {pauljohn},
}

@ARTICLE{Devlin2004,
  author = {Keith Devlin},
  title = {Election Math},
  journal = {Devlin's Angle, MAA Online},
  year = {2004},
  month = {November},
  url = {http://www.maa.org/devlin/devlin_114_04.html},
}

@ARTICLE{DyerMiles1976,
  author = {James S. Dyer and Ralph E. Miles, Jr},
  title = {An Actual Application of Collective Choice Theory to the Selection of Trajectories for the Mariner Jupiter/Saturn 1977 Project},
  journal = {Operations Research},
  year = {1976},
  volume = {24},
  pages = {220-244},
  month = {March},
}

@ARTICLE{Fishburn1974,
  author = {Peter C. Fishburn},
  title = {Paradoxes of Voting},
  journal = {American Political Science Review},
  year = {1974},
  volume = {68},
  number = {2},
  pages = {537-556},
  owner = {pauljohn},
}

@ARTICLE{Harsanyi55,
  author = {John C. Harsanyi},
  title = {Cardinal Welfare, Individualistic Ethics, and Interpersonal Comparisons of Utility},
  journal = {Journal of Political Economy},
  year = {1955},
  volume = {61},
  pages = {309-321},
  owner = {pauljohn},
}

@ARTICLE{Hilburn2002,
  author = {Robert Hilburn},
  title = {It's Time to Nominate a New System},
  journal = {Los Angeles Times},
  year = {February 28, 2002},
  owner = {pauljohn},
}

@MISC{Isadore2003,
  author = {Chris Isadore},
  title = {The (Pay) Envelope, Please},
  howpublished = {CNN/Money Online},
  month = {March},
  year = {2003},
  owner = {pauljohn},
  url = {http://money.cnn.com/2003/02/10/news/companies/oscars_impact/},
}

@BOOK{Johnson1998,
  title = {Social Choice: Theory and Research},
  publisher = {Sage},
  year = {1998},
  author = {Paul E. Johnson},
  address = {Thousand Oaks, CA},
  owner = {pauljohn},
}

@ARTICLE{JonesRadclifTabor1995,
  author = {Bradford Jones and Benjamin Radcliffe and Charles Taber and Richard Timpone},
  title = {Condorcet Winners and the Paradox of Voting},
  journal = {American Political Science Review},
  year = {1995},
  volume = {89},
  number = {1},
  pages = {137-144},
  owner = {pauljohn},
}

@ARTICLE{Mackenzie2000b,
  author = {Dana Mackenzie},
  title = {Making Sense Out of Consensus: How Did That Guy Win?},
  journal = {SIAM News},
  year = {2000},
  volume = {33},
  month = {October},
  owner = {pauljohn},
}

@ARTICLE{Mackenzie2000,
  author = {Dana Mackenzie},
  title = {May the Best Man Lose},
  journal = {Discover},
  year = {2000},
  month = {November},
  owner = {pauljohn},
}

@ARTICLE{May1952,
  author = {Kenneth O. May},
  title = {A Set of Independent Necessary and Sufficient Conditions for Simple Majority Decision},
  journal = {Econometrica},
  year = {1952},
  volume = {20},
  pages = {680-784},
  month = {October},
  owner = {pauljohn},
}

@ARTICLE{Nash50,
  author = {John F. Nash},
  title = {The Bargaining Problem},
  journal = {Econometrica},
  year = {1950},
  volume = {18},
  pages = {155-162},
  owner = {pauljohn},
}

@ARTICLE{Nelson2001,
  author = {Randy A. Nelson and Michael R. Donihue and Donald M. Waldman and Calbraith Wheaton},
  title = {What's An Oscar Worth?},
  journal = {Economic Inquiry},
  year = {2001},
  volume = {39},
  number = {1},
  pages = {1-16},
  owner = {pauljohn},
}

@MISC{NovaselicSF2004,
  author = {Krist Novaselic},
  title = {Instant Runoff Voting Used for First Time in San Francisco Elections},
  howpublished = {http://www.fixour.us/editorials/11.08.04.html},
  month = {November},
  year = {2004},
  owner = {pauljohn},
  url = {http://www.fixour.us/editorials/11.08.04.html},
}

@BOOK{Novoselic,
  title = {Of Grunge \& Government: Let's Fix This Broken Democracy!},
  publisher = {Akashic Books},
  year = {2004},
  author = {Krist Novoselic},
  month = {Sept},
  owner = {pauljohn},
}

@ARTICLE{ReillyBorda2002,
  author = {Benjamin Reilly},
  title = {Social Choice in the South Seas: Electoral Innovation and the Borda Count in the Pacific Island Countries},
  journal = {International Political Science Review},
  year = {2002},
  volume = {23},
  number = {4},
  pages = {355-372},
  owner = {pauljohn},
}

@BOOK{Riker1986,
  title = {The Art of Political Manipulation},
  publisher = {Yale University Press},
  year = {1986},
  author = {William H. Riker},
  address = {New Haven, CT},
  owner = {pauljohn},
}

@BOOK{Riker1982,
  title = {Liberalism Against Populism: A Confrontation Between the Theory of Democracy and the Theory of Social Choice},
  publisher = {W. H. Freeman},
  year = {1982},
  author = {William H. Riker},
  address = {San Francisco, CA},
  owner = {pauljohn},
}

@BOOK{Saari1994,
  title = {Geometry of Voting},
  publisher = {Springer-Verlag},
  year = {1994},
  author = {Donald G. Saari},
  address = {Berlin},
  owner = {pauljohn},
}

@ARTICLE{Schulze2003,
  author = {Markus Schulze},
  title = {A New Monotonic and Clone-Independent Single-Winner Election Method},
  journal = {Voting Matters},
  year = {2003},
  volume = {17},
  pages = {9-19},
  month = {October},
  owner = {pauljohn},
}

@ARTICLE{Tangian2000,
  author = {Andranik S. Tangian},
  title = {Unlikelihood of Condorcet's Paradox in a Large Society},
  journal = {Social Choice and Welfare},
  year = {2000},
  volume = {17},
  number = {2},
  pages = {337-365},
  owner = {pauljohn},
}

@ARTICLE{Woodling2004,
  author = {Chuck Woodling},
  title = {Maybe It's Time To Do Away with AP Poll},
  journal = {Lawrence Journal World},
  year = {December 24, 2004},
  pages = {3C},
  month = {December24},
  howpublished = {Lawrence Journal World, December 24},
  owner = {pauljohn},
}

