


@article{lmucs-papers:Leisch:2002b,
  author = {Friedrich Leisch},
  title = {Sweave, Part {I}: Mixing {R} and {\LaTeX}},
  journal = {R News},
  year = 2002,
  volume = 2,
  number = 3,
  pages = {28--31},
  month = {December},
  url = {http://CRAN.R-project.org/doc/Rnews/}
}

@inproceedings{lmucs-papers:Leisch:2002,
  author = {Friedrich Leisch},
  title = {Sweave: Dynamic Generation of Statistical Reports Using
		  Literate Data Analysis},
  booktitle = {Compstat 2002 --- Proceedings in Computational
		  Statistics},
  pages = {575--580},
  year = 2002,
  editor = {Wolfgang H{\"a}rdle and Bernd R{\"o}nz},
  publisher = {Physica Verlag, Heidelberg},
  note = {ISBN 3-7908-1517-9},
  url = {http://www.stat.uni-muenchen.de/~leisch/Sweave}
}


