% Encoding: UTF-8

@Article{Flora&Curran2004empirical,
  author  = {Flora, David B and Curran, Patrick J},
  title   = {An empirical evaluation of alternative methods of estimation for confirmatory factor analysis with ordinal data.},
  journal = {Psychological Methods},
  year    = {2004},
  volume  = {9},
  pages   = {466-491},
  doi     = {10.1037/1082-989x.9.4.466},
}

@Article{Yuan&Bentler2000three,
  author  = {{Yuan, K. -H.} and Bentler, Peter M},
  title   = {Three likelihood-based methods for mean and covariance structure analysis with nonnormal missing data},
  journal = {Sociological Methodology},
  year    = {2000},
  volume  = {30},
  pages   = {165-200},
  doi     = {10.1111/0081-1750.00078},
  file    = {:Yuan&Bentler2000three - Three likelihood-based methods for mean and covariance structure analysis with nonnormal missing data.00078:},
}

@Article{OBrien1985ordinal,
  author  = {Robert M O'Brien},
  title   = {The relationship between ordinal measures and their underlying values: Why all the disagreement?},
  journal = {Quality and Quantity},
  year    = {1985},
  volume  = {19},
  pages   = {265-277},
  doi     = {10.1007/bf00170998},
}

@Book{Agresti2007categorical,
  title     = {An introduction to categorical data analysis},
  publisher = {John Wiley and Sons},
  year      = {2007},
  author    = {Alan Agresti},
  address   = {Hoboken, NJ},
  edition   = {2nd},
  file      = {:Agresti2007categorical - An introduction to categorical data analysis.pdf:PDF},
}

@Book{Brown2015cfa,
  title     = {Confirmatory factor analysis for applied research},
  publisher = {Guilford},
  year      = {2015},
  author    = {Timothy A. Brown},
  address   = {New York},
  edition   = {2nd},
}

@Book{Kline2016principles,
  title     = {Principles and practice of structural equation modeling},
  publisher = {Guilford},
  year      = {2016},
  author    = {Rex B. Kline},
  address   = {New York},
  edition   = {4th},
}

@Article{Correll2002police,
  author  = {Joshua Correll and Bernadette Park and Charles M. Judd and Bernd Wittenbrink},
  title   = {The police officer's dilemma: Using ethnicity to disambiguate potentially threatening individuals},
  journal = {Journal of Personality and Social Psychology: Attitudes and Social Cognition},
  year    = {2002},
  volume  = {83},
  pages   = {1314-1329},
  doi     = {10.1037//0022-3514.83.6.1314},
}

@Article{Rhemtulla&Brosseau&Svalei2012WhenCan,
  author  = {Mijke Rhemtulla and Patricia {\'E}. Brosseau-Liard and Victoria Savalei},
  title   = {When can categorical variables be treated as continuous? A comparison of robust continuous and categorical SEM estimation methods under suboptimal conditions},
  journal = {Psychological Methods},
  year    = {2012},
  volume  = {17},
  pages   = {354-373},
  doi     = {10.1037/a0029315},
}

@Article{Muthen1984Dichotomous,
  author  = {Benget Muth{\'e}n},
  title   = {A general structural equation model with dichotomous, ordered categorical, and continuous latent variable indicators},
  journal = {Psychometrika},
  year    = {1984},
  volume  = {49},
  pages   = {115-132},
  doi     = {10.1007/bf02294210},
}

@Article{Muthen&Kaplan1985Non-NormalLikert,
  author  = {Bengt Muth{\'e}n and David Kaplan},
  title   = {A comparison of some methodologies for the factor analysis of non-normal Likert variables},
  journal = {British Journal of Mathematical and Statistical Psycholgoy},
  year    = {1985},
  volume  = {38},
  pages   = {171-189},
  doi     = {10.1111/j.2044-8317.1985.tb00832.x},
}

@InBook{Muthen1993Goodness,
  chapter   = {Goodness of fit with categorical and other nonnormal variables},
  pages     = {205-243},
  title     = {Testing structural equation models},
  publisher = {Sage},
  year      = {1993},
  author    = {Bengt O. Muth{\'e}n},
  editor    = {Kenneth A. Bollen and Scott J. Long},
  address   = {CA: Newbury Park},
}

@Article{Soto&John2017BFI-2,
  author  = {Christopher J. Soto and Oliver P. John},
  title   = {The next {B}ig {F}ive {I}nventory ({BFI}-2): Developing and assessing a hierarchical model with 15 facets to enhence bandwidth, fidelity, and predictive power},
  journal = {Journal of Personality and Social Psychology},
  year    = {2017a},
  volume  = {113},
  pages   = {117-143},
  doi     = {10.1037/pspp0000096},
}

@Article{Soto&John2017BigFiveS,
  author  = {Christopher J. Soto and Oliver P. John},
  title   = {Short and extra-short forms of the {B}ig {F}ive {I}nventory-2: The {BFI-2-S} and {BFI-2-XS}},
  journal = {Journal of Research in Personality},
  year    = {2017b},
  volume  = {68},
  pages   = {69-81},
  doi     = {10.1016/j.jrp.2017.02.004},
}

@Article{Gollner2017BigFiveAdolescence,
  author  = {Richard G{\"o}llner and Brent W. Roberts and Rodica I. Damian and Oliver L{\"u}dtke and Kathrin Jonkmann and Ulrich Trautwein},
  title   = {Whose "strom and stress" is it? {P}arent and child reports of personality development in the transition to early adolescence},
  journal = {Journal of Personalily},
  year    = {2017},
  volume  = {85},
  pages   = {376-387},
  doi     = {10.1111/jopy.12246},
}

@Article{Bollen&Barb1981Coarse,
  author  = {Kenneth A. Bollen and Kenney H. Barb},
  title   = {Pearson's {R} and coarsely categorized measures},
  journal = {American Sociological Review},
  year    = {1981},
  volume  = {46},
  pages   = {232-239},
  doi     = {10.2307/2094981},
}

@Article{Li2016WLSMV,
  author  = {{Li, C. -H}},
  title   = {Confirmatory factor analysis with ordinal data: Comparing robust maximum likelihood and diagonally weighted least squares},
  journal = {Behavior Research Methods},
  year    = {2016},
  volume  = {48},
  pages   = {936-949},
  doi     = {10.3758/s13428-015-0619-7},
}

@Article{Beauducel&Herzberg2006WLSMV,
  author  = {Andr{\'e} Beauducel and Philipp Yorck Herzberg},
  title   = {On the performance of maximum likelihood versus means and variance adjusted weighted least squares estimation in {CFA}},
  journal = {Structural Equation Modeling},
  year    = {2006},
  volume  = {13},
  pages   = {186-203},
  doi     = {10.1207/s15328007sem1302_2},
}

@Article{DiStefano&Morgan2014DWLS,
  author  = {Christine DiStefano and Grant B. Morgan},
  title   = {A Comparison of diagonal weighted least squares robust estimation techniques for ordinal data},
  journal = {Structural Equation Modeling},
  year    = {2014},
  volume  = {21},
  pages   = {425-438},
  doi     = {10.1080/10705511.2014.915373},
}

@Article{Yang-Wllentin2010Misspecified,
  author  = {Fan Yang-Wallentin and Karl G. J{\"o}reskog and Hao Luo},
  title   = {Confirmatory factor analysis of ordinal variables with misspecified models},
  journal = {Structural Equation Modeling},
  year    = {2010},
  volume  = {17},
  pages   = {392-423},
  doi     = {10.1080/10705511.2010.489003},
}

@Article{Finkbeiner1979MLforMissing,
  author  = {Carl Finkbeiner},
  title   = {Estimation for the multiple factor model when data are missing},
  journal = {Psychometrika},
  year    = {1979},
  volume  = {44},
  pages   = {409-420},
  doi     = {10.1007/bf02296204},
}

@InBook{Finney&DiStefano2006Nonnormal,
  chapter   = {Nonnormal and categorical data in structural equation modeling},
  pages     = {439-492},
  title     = {Structural equation modeling: A second course {(2nd ed.)}},
  publisher = {Information Age},
  year      = {2013},
  author    = {Sara J. Finney and Christine DiStefano},
  editor    = {Gregory R. Hancock and Ralph O. Mueller},
  address   = {Charlotte, NC},
}

@Book{Hancock&Mueller2006SEM2nd,
  title     = {Structural Equation Modeling: A second course (2nd ed.)},
  publisher = {Information Age},
  year      = {2013},
  author    = {Gregory R. Hancock and Ralph O. Mueller},
  address   = {Charlotte, NC},
}

@InBook{Arbuckle1996,
  chapter   = {Full information estimation in the presence of incomplete data},
  pages     = {243-277},
  title     = {Advanced structural equation modeling: Issues and techniques},
  publisher = {Lawrence Erlbaum},
  year      = {1996},
  author    = {James L. Arbuckle},
  editor    = {George A. Marcoulides and Randall E. Schumacker},
  address   = {Mahwah, NJ},
  doi       = {10.4324/9781315827414},
}

@Article{Allison2003Missing,
  author  = {Paul D. Allison},
  title   = {Missing data techniques for structural equation modeling},
  journal = {Journal of Abnormal Psychology},
  year    = {2003},
  volume  = {112},
  pages   = {54},
  doi     = {10.1037/0021-843x.112.4.545},
}

@Book{Kline2016SEM,
  title     = {Principles and practice of structural equation modeling (4th ed.)},
  publisher = {Guilford},
  year      = {2016},
  author    = {Rex B. Kline},
  address   = {New York},
}

@Article{vanderPalm&vanderArk&Vermunt2016MIssingCategorical,
  author  = {Dani{\"e} W van der Palm and L Andries van der Ark and Jeroen K Vermunt},
  title   = {A comparison of incomplete-data methods for categorical data},
  journal = {Statistical Methods in Medical Research},
  year    = {2016},
  volume  = {25},
  pages   = {754-774},
  doi     = {10.1177/0962280212465502},
}

@Book{McArdle_Nesselroade-2014-Longitudinal,
  title     = {Longitudinal data analysis using structural equation models},
  publisher = {American Psychological Association},
  year      = {2014},
  author    = {John J. McArdle and John R. Nesselroade},
  address   = {Washington, DC},
}

@Article{Flora_Curran-2004-Ordinal,
  author  = {David B. Flora and Patrick J. Curran},
  title   = {An empirical evaluation of alternative methods of estimation for confirmatory factor analysis with ordinal data},
  journal = {Psychological Methods},
  year    = {2004},
  volume  = {9},
  pages   = {466-491},
  doi     = {10.1037/1082-989x.9.4.466},
}

@Comment{jabref-meta: databaseType:bibtex;}
