% Encoding: UTF-8

@Book{gitpro,
  title     = {Pro {Git}},
  publisher = {Apress},
  year      = {2014},
  author    = {Chacon, Scott and Straub, Ben},
  address   = {New York, NY},
  isbn      = {978-1-4842-0077-3},
  file      = {Git - Book:/home/pauljohn/.mozilla/firefox/18uq7hj0.default/zotero/storage/GQSXJ5QJ/v2.html:text/html},
  url       = {https://git-scm.com/book/en/v2},
  urldate   = {2018-02-18},
}

@Comment{jabref-meta: databaseType:bibtex;}
