% Encoding: UTF-8

@Manual{R,
  title     = {R: A language and environment for statistical computing ({V}ersion 3.5.1)},
  author    = {{R Core Team}},
  address   = {Vienna, Austria},
  year      = {2018},
  publisher = {R Foundation for Statistical Computing},
  url       = {https://cran.r-project.org/doc/manuals/r-release/fullrefman.pdf},
}
  
@Book{Marloff-2011-Art,
  title     = {The art of {R} programming: A tour of statistical software design},
  publisher = {No Starch Press},
  year      = {2011},
  author    = {Norman Matloff},
  address   = {San Francisco},
}

@Book{Rosseel-2017-Web-a,
  title   = {About lavaan},
  year    = {2017, October 17},
  author  = {Yves Rosseel},
  address = {Retrieved from http://lavaan.ugent.be/index.html},
}

@InBook{Iannotti-2005_2006-HBSC,
  title     = {Health behavior in school-aged children (HBSC), 2005-2006 {[Data file and code book]}},
  publisher = {Retrieved from https://www.icpsr.umich.edu/icpsrweb/ICPSR/studies/28241},
  year      = {2005-2006},
  author    = {Ronald J. Iannotti},
  journal   = {Health behavior in school-aged children (HBSC)},
}

@Comment{jabref-meta: databaseType:bibtex;}
