
@book{mccullagh_generalized_1983,
	address = {London},
	series = {Monographs on statistics and applied probability},
	title = {Generalized Linear Models},
	number = {37},
	publisher = {Chapman and Hall},
	author = {P. {McCullagh} and John A Nelder},
	year = {1983}
},

@book{jackman_bayesian_2009,
	address = {Chichester, {UK}},
	title = {{B}ayesian Analysis for the Social Sciences},
	publisher = {John Wiley \& Sons, Ltd},
	author = {Simon Jackman},
	year = {2009}
},

@article{stigler_who_1983,
	title = {Who Discovered Bayes's Theorem?},
	volume = {37},
	number = {4},
	journal = {The American Statistician},
	author = {Stephen M. Stigler},
	year = {1983},
	pages = {290--296}
},

@article{fienberg_when_2006,
	title = {When did {{B}ayesian} inference become {"{B}ayesian"?}},
	journal = {{{B}ayesian} {{A}nalysis}},
	author = {Stephen E Fienberg},
	year = {2006},
	pages = {1---41}
},

@book{degroot_optimal_2004,
	edition = {1},
	title = {Optimal Statistical Decisions},
	publisher = {{Wiley-Interscience}},
	author = {Morris H. {DeGroot}},
	month = apr,
	year = {2004}
},

@book{berger_statistical_1985,
	edition = {2nd},
	title = {Statistical Decision Theory and {B}ayesian Analysis},
	publisher = {Springer},
	author = {James O. Berger},
	month = aug,
	year = {1985}
},

@book{lancaster_introduction_2004,
	title = {Introduction to Modern {B}ayesian Econometrics},
	publisher = {{Wiley-Blackwell}},
	author = {Tony Lancaster},
	month = jun,
	year = {2004}
},

@book{gill_bayesian_2007,
	edition = {2},
	title = {{B}ayesian Methods: A Social and Behavioral Sciences Approach, Second Edition},
	shorttitle = {{B}ayesian Methods},
	publisher = {Chapman and {Hall/CRC}},
	author = {Jeff Gill},
	month = nov,
	year = {2007}
},

@book{raudenbush_hierarchical_2002,
	title = {Hierarchical linear models: applications and data analysis methods},
	shorttitle = {Hierarchical linear models},
	publisher = {{SAGE}},
	author = {Stephen W. Raudenbush and Anthony S. Bryk},
	year = {2002}
},

@book{congdon_bayesian_2006,
	title = {{B}ayesian statistical modelling},
	publisher = {John Wiley \& Sons},
	author = {P. Congdon},
	year = {2006}
},

@book{kauffman_origins_1993,
	title = {The origins of order: self organization and selection in evolution},
	shorttitle = {The origins of order},
	publisher = {Oxford University Press {US}},
	author = {Stuart A. Kauffman},
	year = {1993}
},

@book{pinheiro_mixed_2000,
	title = {Mixed Effects Models in S and {S-Plus}},
	publisher = {Springer},
	author = {Jose C. Pinheiro and Douglas M. Bates},
	month = may,
	year = {2000}
},

@article{dempster_maximum_1977,
	title = {Maximum likelihood from incomplete data via the {EM} algorithm},
	volume = {39},
	number = {1},
	journal = {Journal of the Royal Statistical Society, Series B},
	author = {A. P Dempster and N. M Laird and D. B Rubin},
	year = {1977},
	pages = {1---38}
},

@book{hacker_end_1970,
	address = {New York},
	edition = {1st ed.},
	title = {The End of the American Era},
	publisher = {Atheneum},
	author = {Andrew Hacker},
	year = {1970}
},

@article{fisher_interpretation_1922,
	title = {On the Interpretation of $\chi^2$ from Contingency Tables, and the Calculation of P},
	volume = {85},
	number = {1},
	journal = {Journal of the Royal Statistical Society},
	author = {R. A. Fisher},
	year = {1922},
	pages = {87--94}
},

@article{kirby_using_2009,
	title = {Using Instrumental Variable {(IV)} Tests to Evaluate Model Specification in Latent Variable Structural Equation Models},
	volume = {39},
	number = {1},
	journal = {Sociological methodology},
	author = {James B. Kirby and Kenneth A. Bollen},
	year = {2009},
	pages = {327--355}
},

@techreport{celeux_stochastic_????,
	title = {On Stochastic Versions of the {EM} Algorithm},
	author = {Gilles Celeux and Didier Chauveau and Jean Diebolt},
	url = {http://hal.archives-ouvertes.fr/inria-00074164/PDF/RR-2514.pdf}
},

@article{wong_hierarchical_1985,
	title = {The Hierarchical Logistic Regression Model for Multilevel Analysis},
	volume = {80},
	number = {391},
	journal = {Journal of the American Statistical Association},
	author = {George Y. Wong and William M. Mason},
	year = {1985},
	pages = {513--524}
},

@article{wang_variable_2009,
	title = {Variable selection in spatial regression via penalized least squares},
	volume = {37},
	number = {4},
	journal = {Canadian Journal of Statistics},
	author = {Haonan Wang and Jun Zhu},
	year = {2009},
	pages = {607--624}
},

@article{fan_variable_2001,
	title = {Variable Selection via Nonconcave Penalized Likelihood and its Oracle Properties},
	volume = {96},
	number = {456},
	journal = {Journal of the American Statistical Association},
	author = {Jianqing Fan and Runze Li},
	year = {2001},
	pages = {1348--1360}
},

@article{murray_jersey_2010,
	edition = {Essex},
	title = {Jersey City's Beldini can stay out of prison pending appeal},
	journal = {{Star-Ledger,} The {(Newark,} {NJ)}},
	author = {Brian T. Murray},
	month = jul,
	year = {2010},
	pages = {025}
},

@article{mullahy_instrumental-variable_1997,
	title = {{Instrumental-Variable} Estimation of Count Data Models: Applications to Models of Cigarette Smoking Behavior},
	shorttitle = {{Instrumental-Variable} Estimation of Count Data Models},
	journal = {{SSRN} {eLibrary}},
	author = {John Mullahy},
	month = nov,
	year = {1997},
	url = {http://papers.ssrn.com/sol3/papers.cfm?abstract_id=61248}
},

@article{geyer_practical_1992,
	title = {Practical Markov Chain Monte Carlo},
	volume = {7},
	number = {4},
	journal = {Statistical Science},
	author = {Charles J. Geyer},
	year = {1992},
	pages = {473--483}
},

@book{albert_bayesian_2007,
	address = {New York, {NY}},
	title = {{B}ayesian Computation with R},
	publisher = {Springer New York},
	editor = {Jim Albert},
	year = {2007}
},

@article{carlin_case_2001,
	title = {A case study on the choice, interpretation and checking of multilevel models for longitudinal binary outcomes},
	volume = {2},
	number = {4},
	journal = {Biostatistics},
	author = {John B. Carlin and Rory Wolfe and C. Hendricks Brown and Andrew Gelman},
	year = {2001},
	pages = {397 --416}
},

@book{efron_introduction_1993,
	address = {New York},
	series = {Monographs on statistics and applied probability},
	title = {An Introduction to the Bootstrap},
	number = {57},
	publisher = {Chapman \& Hall},
	author = {Bradley Efron and Robert Tibshirani},
	year = {1993}
},

@article{mehta_exact_1995,
	title = {Exact logistic regression: Theory and examples},
	volume = {14},
	number = {19},
	journal = {Statistics in Medicine},
	author = {Cyrus R Mehta and Nitin R Patel},
	year = {1995},
	pages = {2143--2160}
},

@article{kolassa_algorithms_2003,
	title = {Algorithms for approximate conditional inference},
	volume = {13},
	journal = {Statistics and Computing},
	author = {John E Kolassa},
	year = {2003},
	pages = {121--126}
},

@article{hirji_computing_1987,
	title = {Computing Distributions for Exact Logistic Regression},
	volume = {82},
	number = {400},
	journal = {Journal of the American Statistical Association},
	author = {Karim F. Hirji and Cyrus R. Mehta and Nitin R. Patel},
	year = {1987},
	pages = {1110--1117}
},

@article{zamar_elrm:_2007,
	title = {elrm: Software Implementing Exact-like Inference for Logistic Regression Models},
	volume = {21},
	number = {3},
	journal = {Journal of Statistical Software},
	author = {David Zamar and Brad {McNeney} and Jinko Graham},
	year = {2007},
	url = {http://www.jstatsoft.org/}
}
