@comment{This file has been generated by Pybliographer}

@Manual{R,
    title = {R: A Language and Environment for Statistical Computing},
    author = {{R Core Team}},
    organization = {R Foundation for Statistical Computing},
    address = {Vienna, Austria},
    year = {2015},
    url = {https://www.R-project.org/},
  }

@Book{guo_propensity_2014,
  Author         = {Guo, Shenyang and Fraser, Mark W},
  Title          = {Propensity Score Analysis: Statistical Methods and
                   Applications},
  Publisher      = {SAGE Publications, Inc},
  Address        = {Los Angeles},
  Edition        = {2ed},
  isbn           = {978-1-4522-3500-4},
  language       = {English},
  month          = jul,
  shorttitle     = {Propensity Score Analysis},
  year           = 2015
}

@Book{guo_propensity_2009,
  Author         = {Guo, Shenyang and Fraser, Mark W},
  Title          = {Propensity Score Analysis: Statistical Methods and
                   Applications},
  Publisher      = {SAGE Publications, Inc},
  Address        = {Los Angeles},
  Edition        = {1ed},
  isbn           = {978-1412953566},
  language       = {English},
  month          = jul,
  shorttitle     = {Propensity Score Analysis},
  year           = 2009
}


@Manual{Stata14manual,
  Title          = {Stata 14 {B}ase {R}eference {M}anual},
  Author         = {StataCorp},
  Organization   = {Stata Press.},
  Address        = {College Station, TX},
  year           = 2015
}

@Manual{Stata14Software,
   Title         = {Stata {S}tatistical {S}oftware: {R}elease 14},
   Author        = {StataCorp},
   Organization  = {StataCorp LP},
   Address       = {College Station, TX},
   year          = 2015
}


@Book{MASS,
    title = {Modern Applied Statistics with S},
    author = {W. N. Venables and B. D. Ripley},
    publisher = {Springer},
    edition = {Fourth},
    address = {New York},
    year = {2002},
    note = {ISBN 0-387-95457-0},
    url = {http://www.stats.ox.ac.uk/pub/MASS4},
  }


@book{greene_econometric_2008,
        address = {Upper Saddle River, N.J},
        edition = {6th ed},
        title = {Econometric analysis},
        isbn = {978-0-13-600383-0},
        publisher = {Prentice Hall},
        author = {Greene, William H.},
        year = {2008},
        keywords = {Econometrics}
}

@book{devroye_non-uniform_1986,
        edition = {1986 edition},
        title = {Non-{Uniform} {Random} {Variate} {Generation}},
        isbn = {978-0-387-96305-1},
        language = {English},
        publisher = {Springer},
        author = {Devroye, Luc},
        month = apr,
        year = {1986}
}

@book{golub_matrix_2013,
        address = {Baltimore},
        edition = {4th ed},
        series = {Johns {Hopkins} studies in the mathematical sciences},
        title = {Matrix computations},
        isbn = {978-1-4214-0794-4},
        publisher = {Johns Hopkins University Press},
        author = {Golub, Gene H. and Van Loan, Charles F.},
        year = {2013},
        keywords = {Data processing, Matrices}
}


@book{golub_matrix_1996,
        address = {Baltimore},
        edition = {3rd ed},
        series = {Johns {Hopkins} studies in the mathematical sciences},
        title = {Matrix computations},
        isbn = {0-8018-5414-8},
        publisher = {Johns Hopkins University Press},
        author = {Golub, Gene H. and Van Loan, Charles F.},
        year = {1996},
        keywords = {Data processing, Matrices}
}


@article{scheuer_generation_1962,
	title = {On the {Generation} of {Normal} {Random} {Vectors}},
	volume = {4},
	issn = {00401706},
	url = {http://www.jstor.org/stable/1266625?origin=crossref},
	doi = {10.2307/1266625},
	number = {2},
	urldate = {2015-12-30},
	journal = {Technometrics},
	author = {Scheuer, Ernest M. and Stoller, David S.},
	month = may,
	year = {1962},
	pages = {278}
}

@article{ripley_computer_1983,
	title = {Computer {Generation} of {Random} {Variables}: {A} {Tutorial}},
	volume = {51},
	issn = {03067734},
	shorttitle = {Computer {Generation} of {Random} {Variables}},
	url = {http://www.jstor.org/stable/1402590?origin=crossref},
	doi = {10.2307/1402590},
	number = {3},
	urldate = {2015-12-30},
	journal = {International Statistical Review},
	author = {Ripley, B. D.},
	month = dec,
	year = {1983},
	pages = {301}
}
